@MISC{maude,
    author = {M. Clavel and F. Durán and S. Eker and P. Lincoln and N. Martí-Oliet and J. Meseguer and J. F. Quesada},
    title = {Maude as a Metalanguage},
    year = {1998}
}

@MISC{rewriting-logic,
    author = {Narciso Martí-Oliet and José Meseguer},
    title = {Rewriting Logic: Roadmap and Bibliography},
    year = {2001}
}

@MISC{automated-grading, 
author={Hearst, M.A.}, 
journal={Intelligent Systems and their Applications, IEEE}, title={The debate on automated essay grading}, 
year={Sept.-Oct.}, 
volume={15}, 
number={5}, 
pages={22-37}, 
keywords={educational administrative data processing;IEA;automated essay grading;automated grading;commercial essay-scoring system;computer programs;educational theory;ethical questions;latent semantic analysis;question answering systems;short-answer questions;Automatic testing;Computer science education;Feedback;Frequency measurement;History;Humans;Natural language processing;Shape measurement;Vocabulary;Writing}, 
doi={10.1109/5254.889104}, 
ISSN={1094-7167},}

@MISC{coq,
    author = {Christine Paulin-Mohring},
    title = {Inductive Definitions in the System Coq Rules and Properties},
    year = {1992}
}

@MISC{isabelle,
    author = {Lawrence C. Paulson},
    title = {The Foundation of a Generic Theorem Prover},
    journal = {Journal of Automated Reasoning},
    year = {1989},
    volume = {5}
}

@MISC{suppes,
year={1984},
isbn={978-0-387-96022-7},
booktitle={7th International Conference on Automated Deduction},
volume={170},
series={Lecture Notes in Computer Science},
editor={Shostak, R.E.},
doi={10.1007/978-0-387-34768-4_18},
title={The Next Generation of Interactive Theorem Provers},
url={http://dx.doi.org/10.1007/978-0-387-34768-4_18},
publisher={Springer New York},
author={Suppes, Patrick},
pages={303-315},
language={English}
}

@MIST{suppes-prover,
year={1984},
title={Student Use of an Interactive Theorem Prover},
author={Suppes, Patrick},
journal={Contemporary Mathematics},
volume={29}
}

@MISC{conditional-rules,
 author = {Zhang, Hantao and Kapur, Deepak},
 title = {First-Order Theorem Proving Using Conditional Rewrite Rules},
 booktitle = {Proceedings of the 9th International Conference on Automated Deduction},
 year = {1988},
 isbn = {3-540-19343-X},
 pages = {1--20},
 numpages = {20},
 url = {http://dl.acm.org/citation.cfm?id=648228.752152},
 acmid = {752152},
 publisher = {Springer-Verlag},
 address = {London, UK, UK},
}

@MISC{dynamic-rules,
 author = {Bravenboer, Martin and van Dam, Arthur and Olmos, Karina and Visser, Eelco},
 title = {Program Transformation with Scoped Dynamic Rewrite Rules},
 journal = {Fundam. Inf.},
 issue_date = {January 2006},
 volume = {69},
 number = {1-2},
 month = jul,
 year = {2005},
 issn = {0169-2968},
 pages = {123--178},
 numpages = {56},
 url = {http://dl.acm.org/citation.cfm?id=1227247.1227253},
 acmid = {1227253},
 publisher = {IOS Press},
 address = {Amsterdam, The Netherlands, The Netherlands},
}

@MISC{automated-scoring-design,
author = {Bennett, Randy Elliot and Bejar, Isaac I.},
title = {Validity and Automated Scoring: It's Not Only the Scoring},
journal = {Educational Measurement: Issues and Practice},
volume = {17},
number = {4},
publisher = {Blackwell Publishing Ltd},
issn = {1745-3992},
url = {http://dx.doi.org/10.1111/j.1745-3992.1998.tb00631.x},
doi = {10.1111/j.1745-3992.1998.tb00631.x},
pages = {9--17},
year = {1998},
}

@MISC{derivation-scoring,
 title = {Evaluating an Automatically Scorable, Open-Ended Response Type for Measuring Mathematical Reasoning in Computer-Adaptive Tests},
 author = {Bennett, Randy Elliot and Steffen, Manfred and Singley, Mark Kevin and Morley, Mary and Jacquemin, Daniel},
 journal = {Journal of Educational Measurement},
 jstor_issuetitle = {},
 volume = {34},
 number = {2},
 jstor_formatteddate = {Summer, 1997},
 pages = {pp. 162-176},
 url = {http://www.jstor.org/stable/1435351},
 ISSN = {00220655},
 language = {English},
 year = {1997},
 publisher = {National Council on Measurement in Education},
 copyright = {Copyright © 1997 National Council on Measurement in Education},
}

@MISC{personalized-feedback,
	author = { Tara Gallien and Jody Oomen-Early },
	title = { Personalized Versus Collective Instructor Feedback in the Online Courseroom: Does Type of Feedback Affect Student Satisfaction, Academic Performance and Perceived Connectedness With the Instructor? },
	journal = { International Journal on E-Learning },
	volume = { 7 },
	number = { 3 },
	year = { 2008 },
	month = { July },
	pages = { 463--476 },
	address = { Chesapeake, VA },
	publisher = { AACE },
	issn = { 1537-2456 },
	url = { http://www.editlib.org/p/23582 }
}

@book{isabelle1,
 author = {Nipkow, Tobias and Wenzel, Markus and Paulson, Lawrence C.},
 title = {Isabelle/HOL: a proof assistant for higher-order logic},
 year = {2002},
 isbn = {3-540-43376-7},
 publisher = {Springer-Verlag},
 address = {Berlin, Heidelberg},
}

@article{lisp-logic,
 author = {Kaufmann, Matt and Moore, J. S.},
 title = {An Industrial Strength Theorem Prover for a Logic Based on Common Lisp},
 journal = {IEEE Trans. Softw. Eng.},
 issue_date = {April 1997},
 volume = {23},
 number = {4},
 month = apr,
 year = {1997},
 issn = {0098-5589},
 pages = {203--213},
 numpages = {11},
 url = {http://dx.doi.org/10.1109/32.588534},
 doi = {10.1109/32.588534},
 acmid = {254807},
 publisher = {IEEE Press},
 address = {Piscataway, NJ, USA},
 keywords = {Formal verification, automatic theorem proving, computational logic, partial functions, total functions, type checking, microcode verification, floating point division, digital signal processing.},
}

@article{grade-programs,
 author = {Cheang, Brenda and Kurnia, Andy and Lim, Andrew and Oon, Wee-Chong},
 title = {On automated grading of programming assignments in an academic institution},
 journal = {Comput. Educ.},
 issue_date = {September 2003},
 volume = {41},
 number = {2},
 month = sep,
 year = {2003},
 issn = {0360-1315},
 pages = {121--131},
 numpages = {11},
 url = {http://dx.doi.org/10.1016/S0360-1315(03)00030-7},
 doi = {10.1016/S0360-1315(03)00030-7},
 acmid = {941991},
 publisher = {Elsevier Science Ltd.},
 address = {Oxford, UK, UK},
 keywords = {automated grading, computer science, education, online judge},
}

@inproceedings{moss,
 author = {Schleimer, Saul and Wilkerson, Daniel S. and Aiken, Alex},
 title = {Winnowing: local algorithms for document fingerprinting},
 booktitle = {Proceedings of the 2003 ACM SIGMOD international conference on Management of data},
 series = {SIGMOD '03},
 year = {2003},
 isbn = {1-58113-634-X},
 location = {San Diego, California},
 pages = {76--85},
 numpages = {10},
 url = {http://doi.acm.org/10.1145/872757.872770},
 doi = {10.1145/872757.872770},
 acmid = {872770},
 publisher = {ACM},
 address = {New York, NY, USA},
}

@MISC{enroll,
url={http://www.nytimes.com/2012/11/04/education/edlife/massive-open-online-courses-are-multiplying-at-a-rapid-pace.html},
title={Massive Open Online Courses are Multiplying at a Rapid Pace},
author={Laura Pappano},
publisher={Nytimes}
}

@url{coursera-doc,
url={http://support.coursera.org/},
title={Coursera Support Documentation},
publisher={Coursera}
}

@MISC{codecademy,
url={http://codecademy.com},
title={CodeAcademy},
note={\url{http://www.codecademy.com}}
}

@book{neilsen,
title={Usability Engineering},
author={Nielsen, Jakob},
year={1993},
publisher={Morgan Kaufmann}}

@article{chinmay-srk,
journal={ACM Transactions on Computer-Human Interaction (in submission)},
title={Peer and Self Assessment in Massive Online Design Classes},
year={2013},
author = {Kulkarni, Chinmay and Pang, Koh and Le, Huy and Chia, Daniel and Papadopoulos, Kathryn and Cheng, Justin and Koller, Daphne and Klemmer, Scott}
}

@article{citeulike,
    author = {Kirsh, David and Maglio, Paul P.},
    journal = {Cognitive Science},
    number = {4},
    pages = {513--549},
    title = {{On Distinguishing Epistemic from Pragmatic Action}},
    url = {http://citeseerx.ist.psu.edu/viewdoc/summary?doi=10.1.1.15.4327},
    volume = {18},
    year = {1994}
}

@ARTICLE{bisearch,
    author = {Hermann Kaindl and Gerhard Kainz},
    title = {Bidirectional Heuristic Search Reconsidered},
    journal = {Journal of Artificial Intelligence Research},
    year = {1997},
    volume = {7},
    pages = {283--317}
}

@INPROCEEDINGS{auto-grade, 
author={Hernan-Losada, I. and Pareja-Flores, C. and Velazquez-Iturbide, A.J.}, 
booktitle={Advanced Learning Technologies, 2008. ICALT '08. Eighth IEEE International Conference on}, title={Testing-Based Automatic Grading: A Proposal from Bloom's Taxonomy}, 
year={2008}, 
pages={847-849}, 
doi={10.1109/ICALT.2008.224},}

@inproceedings{interface-learning-load,
 author = {Oviatt, Sharon and Arthur, Alex and Cohen, Julia},
 title = {Quiet interfaces that help students think},
 booktitle = {Proceedings of the 19th annual ACM symposium on User interface software and technology},
 series = {UIST '06},
 year = {2006},
 isbn = {1-59593-313-1},
 location = {Montreux, Switzerland},
 pages = {191--200},
 numpages = {10},
 url = {http://doi.acm.org/10.1145/1166253.1166284},
 doi = {10.1145/1166253.1166284},
 acmid = {1166284},
 publisher = {ACM},
 address = {New York, NY, USA},
 keywords = {e-learning and education, handheld and mobile, input and interaction technologies, pen-based interfaces, performance metrics, universal (or disability access)},
}

@inproceedings{crowd-snippets,
 author = {Lieber, Thomas and Miller, Rob},
 title = {Programming with everybody: tightening the copy-modify-publish feedback loop},
 booktitle = {Adjunct proceedings of the 25th annual ACM symposium on User interface software and technology},
 series = {UIST Adjunct Proceedings '12},
 year = {2012},
 isbn = {978-1-4503-1582-1},
 location = {Cambridge, Massachusetts, USA},
 pages = {101--102},
 numpages = {2},
 url = {http://doi.acm.org/10.1145/2380296.2380342},
 doi = {10.1145/2380296.2380342},
 acmid = {2380342},
 publisher = {ACM},
 address = {New York, NY, USA},
 keywords = {awareness, collaboration, open source software development, programming environments, social computing},
}

@inproceedings{peer-consistency,
 author = {Huang, Shih-Wen and Fu, Wai-Tat},
 title = {Enhancing reliability using peer consistency evaluation in human computation},
 booktitle = {Proceedings of the 2013 conference on Computer supported cooperative work},
 series = {CSCW '13},
 year = {2013},
 isbn = {978-1-4503-1331-5},
 location = {San Antonio, Texas, USA},
 pages = {639--648},
 numpages = {10},
 url = {http://doi.acm.org/10.1145/2441776.2441847},
 doi = {10.1145/2441776.2441847},
 acmid = {2441847},
 publisher = {ACM},
 address = {New York, NY, USA},
 keywords = {crowdsourcing, evaluation, human computation, mechanical turk, user behavior},
}

@inproceedings{peer-assessment,
 author = {Tosic, Milorad and Nejkovic, Valentina},
 title = {Trust-based peer assessment for virtual learning systems},
 booktitle = {Proceedings of the Second international conference on Social informatics},
 series = {SocInfo'10},
 year = {2010},
 isbn = {3-642-16566-4, 978-3-642-16566-5},
 location = {Laxenburg, Austria},
 pages = {176--191},
 numpages = {16},
 url = {http://dl.acm.org/citation.cfm?id=1929326.1929339},
 acmid = {1929339},
 publisher = {Springer-Verlag},
 address = {Berlin, Heidelberg},
 keywords = {education, peer-assessment, teaching and learning, trust, wiki},
}

